@manual{inmetro2003,
	Author = {INMETRO},
	Title = {Vocabulário internacional de termos fundamentais e gerais de
	metrologia},
	Year = {2013},
	Address = {Rio de Janeiro, Brasil},
	Pages = {75},
	isbn = {85-87090-90-9},
}

@manual{leal001,
	Author = {Pedro L. R. Leal Jr},
	Year = {2007},
	Title = {Requisitos de Métodos de Rastreabilidade entre os Requisitos e o Código de Software}
}

@manual{tel006,
	Author = {IBM{ }RATIONAL{ }{}DOORS},
	Year = {2010},
	Title = {Get It Right The First Time}
}

@manual{garcia001,
	Author = {Stephany Garcia},
	Title = {A Systematic Requirements Engineering Approach for Decision Support Systems},
	Year = {2014},
	Address = {Barcelona, Spain}
}

@manual{beatty001,
	Author = {Joy Beatty},
	Title = {Winning the Hidden Battle: Requirements Tool Selection and Adoption},
	Address = {Austin, TX USA},
	Year = {2013}
}

@manual{CMS001,
	Org-Short = {CMS},
	Title = {Selecting a Development Approach},
	Year = {2005},
	Organization = {Centers for Medicare \& Medicaid Services},
	Url = {http://www.cms.gov/Research-Statistics-Data-and-Systems/CMS-Information-Technology/XLC/Downloads/SelectingDevelopmentApproach.pdf}
}

@manual{kruchten001,
	Author = {P. Kruchten},
	Title = {The Rational Unified Process: An Introduction},
	Year = {2003},
	Number = {3},
	Booktitle = {The Rational Unified Process: An Introduction}
}

@manual{safe001,
	Author = {Dean Leffingwell},
	Booktitle = {Agile Software Requirements},
	Title = {Agile Software Requirements},
	Year = {2010},
}

@manual{safesite001,
	Org-Shot = {SAFe},
	Title = {Release Management},
	Year = {2015},
	Organization = {Scaled Agile Inc.},
	Url = {http://www.scaledagileframework.com/release-management/}
}

@manual{safesite002,
	Org-Shot = {SAFe},
	Title = {Enterprise Architect},
	Year = {2015},
	Organization = {Scaled Agile Inc.},
	Url = {http://www.scaledagileframework.com/enterprise-architect/}
}

@manual{safesite003,
	Org-Shot = {SAFe},
	Title = {Systeam Team},
	Year = {2015},
	Organization = {Scaled Agile Inc.},
	Url = {http://www.scaledagileframework.com/system-team/}
}

@manual{safesite004,
	Org-Shot = {SAFe},
	Title = {Business Owner},
	Year = {2015},
	Organization = {Scaled Agile Inc.},
	Url = {http://www.scaledagileframework.com/business-owners/}
}

@inproceedings{soviero1997,
	Author = {P. A. O. Soviero and L. G. M. Lavagna},
	Title = {A Numerical Model for Thin Airfoils in Unsteady Motion},
	Year = {1997},
	Pages = {332-340},
	Volume = {19},
	Number = {3},
	Booktitle = {Journal of the Brazilian Societyt Mechanical Sciences},
}

@inproceedings{sparrow1980,
	Author = {E. M. Sparrow},
	Title = {Forced Convection Heat Transfer in a Duct Having Spanwise-Periodic
	Rectangular Protuberances},
	Year = {1980},
	Pages = {149-167},
	Volume = {3},
	Booktitle = {Numerical Heat Transfer},
}

@article{clark1986,
	Author = {J. A. Clark},
	Title = {Private Communication},
	Year = {1986},
	Address = {University of Michigan},
}

@article{arruda2007,
	Author = {M. B. B. Arruda},
	Title = {Como fazer referências: bibliográficas, eletrônicas e demais
	formas de documentos},
	Year = {2007},
	Url = {http://bu.ufsc.br/framerefer.html}
}

@article{coimbra1978,
	Author = {A. L. Coimbra},
	Title = {Lessons of Continuum Mechanics},
	Year = {1978},
	Address = {São Paulo, Brazil},
	Pages = {428},
	Editor = {Edgard Blücher},
}

@inproceedings{bordalo1989,
	Author = {S. N. Bordalo and J. H. Ferziger and S. J. Kline},
	Title = {The Development of Zonal Models for Turbulence},
	Year = {1989},
	Pages = {41-44},
	Booktitle = {Proceedings of the 10th Brazilian Congress of Mechanical
	Engineering},
	Volume = {1},
}

@manual{NBR14724:2011,
	Address = {Rio de Janeiro},
	Date-Added = {2012-12-15 20:34:08 +0000},
	Date-Modified = {2012-12-15 20:35:25 +0000},
	Month = mar,
	Org-Short = {ABNT},
	Organization = {Associa{\c c}\~ao Brasileira de Normas T\'ecnicas},
	Pages = 15,
	Subtitle = {Informa{\c c}\~ao e documenta{\c c}\~ao --- trabalhos acad\^emicos --- apresenta{\c c}\~ao},
	Title = {{NBR} 14724},
	Year = 2011
}

@manual{NBR6034:2000,
	Address = {Rio de Janeiro},
	Org-Short = {ABNT},
	Organization = {Associa{\c c}\~ao Brasileira de Normas T\'ecnicas},
	Subtitle = {Informa{\c c}\~ao e documenta{\c c}\~ao --- Referências},
	Title = {{NBR} 14724},
	Year = 2000
}

